@article{Measure_time_in_C++, 
    title = {\href{https://www.geeksforgeeks.org/measure-execution-time-function-cpp/}{Measure execution time of a function in C++}},
    url = {https://www.geeksforgeeks.org/measure-execution-time-function-cpp/},
    publisher = {https://www.geeksforgeeks.org/},
    author = {GeeksforGeeks},
    year = {2023},
}

@article{OOP_in_C++,
    title = {\href{https://www.geeksforgeeks.org/object-oriented-programming-in-cpp/}{Object Oriented Programming in C++}},
    url = {https://www.geeksforgeeks.org/object-oriented-programming-in-cpp/},
    publisher = {https://www.geeksforgeeks.org/},

    author = {GeeksforGeeks},
    year = {2024},
}

@article{AVL_Tree,
    title = {\href{https://www.geeksforgeeks.org/avl-tree-set-1-insertion/}{AVL Tree | Set 1 (Insertion)}},
    url = {https://www.geeksforgeeks.org/avl-tree-set-1-insertion/},
    publisher = {https://www.geeksforgeeks.org/},
    author = {GeeksforGeeks},
    year = {2024},
}
